@misc{erlang_site,
  key = {erlang_otp},
  title = {{Erlang/OTP}},
  note = {\url{http://www.erlang.org/]}},
}
